
@article{deslauriers2011improved,
  title={Improved learning in a large-enrollment physics class},
  author={Deslauriers, Louis and Schelew, Ellen and Wieman, Carl},
  journal={science},
  volume={332},
  number={6031},
  pages={862--864},
  year={2011},
  publisher={American Association for the Advancement of Science}
}

@article{deslauriers2019measuring,
  title={Measuring actual learning versus feeling of learning in response to being actively engaged in the classroom},
  author={Deslauriers, Louis and McCarty, Logan S and Miller, Kelly and Callaghan, Kristina and Kestin, Greg},
  journal={Proceedings of the National Academy of Sciences},
  volume={116},
  number={39},
  pages={19251--19257},
  year={2019},
  publisher={National Acad Sciences}
}

@article{freeman2014active,
  title={Active learning increases student performance in science, engineering, and mathematics},
  author={Freeman, Scott and Eddy, Sarah L and McDonough, Miles and Smith, Michelle K and Okoroafor, Nnadozie and Jordt, Hannah and Wenderoth, Mary Pat},
  journal={Proceedings of the national academy of sciences},
  volume={111},
  number={23},
  pages={8410--8415},
  year={2014},
  publisher={National Acad Sciences}
}

